@article{Ashby2014,
author = {Ashby, Nathaniel J S and Rakow, Tim},
year = {2014},
title = {{Forgetting the past: Individual differences in recency in subjective valuations from experience.}},
volume = {40},
pages = {1153--1162},
journal = {Journal of Experimental Psychology. Learning, Memory, and Cognition},
}



@article{Barron2009,
author = {Barron, Greg and Yechiam, Eldad},
journal = {Judgment and Decision Making},
pages = {447--460},
title = {{The coexistence of overestimation and underweighting of rare events and the contingent recency effect}},
volume = {4},
year = {2009}
}

@Manual{BayesFactor,
    title = {{BayesFactor: Computation of Bayes factors for common designs}},
    author = {Richard D. Morey and Jeffrey N. Rouder},
    year = {2014},
    note = {R package version 0.9.9},
    url = {http://CRAN.R-project.org/package=BayesFactor}
  }
  
@article{Becker1964, 
author = {Becker, G M and DeGroot, M H and Marschak, J},
year = {1964},
title = {{ Measuring utility by a single-response sequential method}},
journal = {Behavioral Science},
volume = {9},
pages = {226--232},
}
@article{Bradbury2014,
  title={{Improving investment decisions with simulated experience}},
  author={Bradbury, Meike AS and Hens, Thorsten and Zeisberger, Stefan},
  journal={Review of Finance},
  volume={19},
  pages={1019--1052},
  year={2014},
}
@article{Brase2017,
  title={{Adding up to good Bayesian reasoning: Problem format manipulations and individual skill differences.}},
  author={Brase, Gary L and Hill, W Trey},
  journal={Journal of Experimental Psychology: General},
  pages={577--591},
  year={2017},
  volume = {146},
  publisher={American Psychological Association}
}
@book{Burnham2002,
  title={{Model selection and multimodel inference: a practical information-theoretic approach}},
  author={Burnham, Kenneth P and Anderson, David R},
  year={2002},
  address= {New York, NY},
  publisher={Springer-Verlag}
}

@article{Busemeyer1985,
author = {Busemeyer, J R},
title = {{Decision making under uncertainty: a comparison of simple scalability, fixed-sample, and sequential-sampling models.}},
journal = {Journal of experimental psychology. Learning, memory, and cognition},
pages = {538--564},
volume = {11},
year = {1985}
}

@incollection{Busemeyer1997,
  author      = {Busemeyer, Jerome R. and  Byun, Eunhee  and  Delosh, Edward L. and  McDaniel, Mark A.},
  title       = {{Learning functional relations based on experience with input-output pairs by humans and artificial neural networks}},
  editor      = {Lamberts,Koen and Shanks, David },
  booktitle   = {Knowledge concepts and categories},
  publisher   = {Psychology Press},
  address     = {New York},
  year        = {1997},
  pages       = {405-437},
  chapter     = {11}
}


@inproceedings{Camilleri2009a,
author = {Camilleri, Adrian R and Newell, Ben R},
year = {2009},
title = {{Within-subject Preference Reversals in Description- and Experience-based Choice}},
booktitle = {Proceedings of the 31st annual conference of the cognitive science society},
pages = {449--454},
publisher = {Cognitive Science Society.}
}

@article{Camilleri2009,
author = {Camilleri, Adrian R and Newell, Ben R},
year = {2009},
title = {{The role of representation in experience-based choice}},
journal = {Judgment and Decision Making},
volume = {4},
pages = {518--529}
}

@inproceedings{Camilleri2011,
author = {Camilleri, Adrian R and Newell, Ben R},
year = {2011},
title = {{The relevance of a probabilistic mindset in risky choice}},
booktitle = {Proceedings of the 33rd Annual Conference of the Cognitive Science Society},
pages = {2794--2799},
publisher = {Cognitive Science Society.}
}

@article{Camilleri2011a,
author = {Camilleri, Adrian R and Newell, Ben R},
year = {2011},
title = {Description- and experience-based choice: Does equivalent information equal equivalent choice?},
journal = {Acta Psychologica},
volume = {136},
pages = {276--284},
}
@PHDTHESIS{Camilleri2011b,
author = {Camilleri, Adrian R},
year = {2011},
title = {{The Psychological Mechanisms Underpinning Experience-based Choice}},
school = {The University of New South Wales},
address = {Sydney, Australia}
}

@book{Chaucer,
  title={In The Riverside Chaucer.},
  author={Chaucer, Geoffrey},
  year={1987},
  editor = {Larry D. Benson},
  address= {Boston, Mass.},
  publisher={Houghton Mifflin Co.}
}
%@online{Chaucer,
%  author = {Chaucer, Geoffrey},
 % year = {},
 % editor = {Purves, D Laing },
 % title = {The Canterbury Tales},
 %url = {http://http://quod.lib.umich.edu/c/cme/CT/1:1.6?rgn=div2;view=fulltext},
 % urldate = {2015-01-15}
%}
@article{Courville2006Bayesian,
  title={{Bayesian theories of conditioning in a changing world}},
  author={Courville, Aaron C and Daw, Nathaniel D and Touretzky, David S},
  journal={Trends in cognitive sciences},
  volume={10},
  pages={294--300},
  year={2006},
  publisher={Elsevier}
}



@article{Dimson2003,
  title={{Global evidence on the equity risk premium}},
  author={Dimson, Elroy and Marsh, Paul and Staunton, Mike},
  journal={Journal of Applied Corporate Finance},
  volume={15},
  number={4},
  pages={27--38},
  year={2003}
}
@article{Ert2014,
  title={{Sampling experience reverses preferences for ambiguity}},
  author={Ert, Eyal and Trautmann, Stefan T},
  journal={Journal of Risk and Uncertainty},
  volume={49},
  number={1},
  pages={31--42},
  year={2014}
}
@ARTICLE{Fama1973,
title = {{Risk, Return, and Equilibrium: Empirical Tests}},
author = {Fama, Eugene and MacBeth, James D},
year = {1973},
journal = {Journal of Political Economy},
volume = {81},
number =  {3},
pages = {607-36}
}

@article{Fiedler2002,
author = {Fiedler, Klaus and Walther, Eva and Freytag, Peter and Plessner, Henning},
journal = {Organizational Behavior and Human Decision Processes},
pages = {527--561},
title = {{Judgment biases in a simulated classroom --- A cognitive-environmental approach}},
volume = {88},
year = {2002}
}

@book{Gigerenzer1999,
  title={Simple Heuristics That Make Us Smart},
  author={Gigerenzer, Gerd and Todd, Peter M and the ABC Group},
  year={2006},
  address = {New York},
  publisher={Oxford University Press}
}
@book{Gigerenzer2002,
  title={{Bounded rationality: The adaptive toolbox}},
  author={Gigerenzer, Gerd and Selten, Reinhard},
  year={2002},
  address = {Cambridge, MA},
  publisher={MIT press}
  
}

@article{Golan2014,
author = {Golan, Hagai and Ert, Eyal},
year = {2014},
title = {{Pricing decisions from experience: The roles of information-acquisition and response modes.}},
journal = {Cognition},
volume = {136},
pages = {9--13}
}

@article{Gloeckner2012,
  title={{Processing differences between descriptions and experience: A comparative analysis using eye-tracking and physiological measures}},
  author={Gl{\"o}ckner, Andreas and Fiedler, Susann and Hochman, Guy and Ayal, Shahar and Hilbig, Benjamin},
  journal={Frontiers in Psychology},
  volume={3},
  pages={1--15},
  year={2012},
  publisher={Frontiers}
}

@article{Gloeckner2016,
  title={{The reversed description-experience gap: Disentangling sources of presentation format effects in risky choice.}},
  author={Gl{\"o}ckner, Andreas and Hilbig, Benjamin E and Henninger, Felix and Fiedler, Susann},
  journal={Journal of Experimental Psychology: General},
  volume={145},
  pages={486},
  year={2016}
  }

@article{Griffin1992,
title={{The weighing of evidence and the determinants of confidence}},
  author={Griffin, Dale and Tversky, Amos},
  journal={Cognitive Psychology},
  volume={24},

  pages={411--435},
  year={1992},
  publisher={Elsevier}
}

@article{Hadar2009,
author = {Hadar, Liat and Fox, Craig R},
journal = {Judgment and Decision Making},

pages = {317--325},
title = {{Information asymmetry in decision from description versus decision from experience}},
volume = {4},
year = {2009}
}

@article{Hau2008,
author = {Hau, Robin and Pleskac, Timothy J and Kiefer, Jürgen and Hertwig, Ralph},
year = {2008},
title = {{The description--experience gap in risky choice: The role of sample size and experienced probabilities}},
journal = {Journal of Behavioral Decision Making},
volume = {21},
pages = {493--518}
}

@article{Hau2010,
author = {Hau, Robin and Pleskac, TJ and Hertwig, Ralph},
year = {2010},
title = {{Decisions from experience and statistical probabilities: Why they trigger different choices than a priori probabilities}},
journal = {Journal of Behavioral Decision Making},
volume = {68},
pages = {48--68}
}

@inproceedings{Hawkins2014,
author = {Hawkins, Guy E and Camilleri, Adrian R and Newell, Ben R and Scott, D},
year = {2014},
title = {{Modeling Probability Knowledge and Choice in Decisions from}},
booktitle = {Proceedings of the 36th Annual Conference of the Cognitive Science Society},
pages = {595--600},
publisher = {Cognitive Science Society.}
}

@article{Hertwig2004,
author = {Hertwig, Ralph and Barron, Greg and Weber, Elke U and Erev, Ido},
year = {2004},
title = {{Decisions from experience and the effect of rare events in risky choice}},
journal = {Psychological Science},
volume = {15},
pages = {534--539}
}

@inbook{Hertwig2006,
  author={Hertwig, Ralph and Barron, Greg and Weber, Elke U and Erev, Ido},
  year=2006,
    title={{The Role of Information Sampling in Risky Choice}},

  editor = {K. Fiedler and P. Juslin}, 
  booktitle= {Information Sampling and Adaptive Cognition}, 
  publisher= {Cambridge University Press},
  address= {New York, NY},
  pages = {72--91}
}
@article{Hertwig2009,
author = {Hertwig, Ralph and Erev, Ido},
year = {2009},
title = {{The description-experience gap in risky choice.}},
journal = {Trends in Cognitive Sciences},
volume = {13},
number =  {12},
pages = {517--23}
}
@article{Hertwig2010,
author = {Hertwig, Ralph and Pleskac, Timothy J},
year = {2010},
title = {{Decisions from experience: Why small samples?}},
journal = {Cognition},
volume = {115},
number =  {2},
pages = {225--237},
doi = {10.1016/j.cognition.2009.12.009}
}

@article{Hoffart2018,
author = {Hoffart, Janine and Rieskamp, Jörg and Dutilh, Gilles},
year = {2018},
title = {{How environmental regularities affect people's information search in probability judgments from experience}},
journal = {Journal of Experimental Psychology. Learning, Memory, and Cognition},
pages={Advance online publication. doi: 10.1037/xlm0000572}
}

@article{Irwin1953,
title={{Stated expectations as functions of probability and desirability of outcomes.}},
author={Irwin, F. W.},
  journal={Journal of Personality},
  volume={21},
  pages={329--335},
  year={1953}
}





@book{Jeffreys1961,
author = {Jeffreys},
year = {1961},
title = {{Theory of Probability}},
edition = {3},
publisher = {Oxford University Press},
address = {Oxford, UK}
}

@article{Tversky1971,
  title={{Belief in the law of small numbers.}},
  author={Tversky, Amos and Kahneman, Daniel},
  journal={Psychological Bulletin},
  volume={76},
  pages={105--110},
  year={1971},
  publisher={American Psychological Association}
}

@article{Kahneman1979,
author = {Kahneman, David and Tversky, Amos},
year = {1979},
title = {Prospect theory: An analysis of decision under risk}},
journal = {Econometrica},
volume = {47},
pages = {263--291}
}

@book{Kahneman2000,
author = {Kahneman, David and Tversky, Amos},
year = {2000},
title = {{Choices, Values and Frames}},
publisher = {Cambridge University Press},
address = {Cambridge, UK}
}
@article{Kahneman2009,
author = {Kahneman, David},
year = {2009},
title = {{The myth of risk attitudes}},
journal = {The Journal of Portfolio Management},
volume = {36},
pages = {1}
}

@article{Kass1995,
author = {Kass, R E and Raftery, A E},
year = {1995},
title = {{Bayes factors}},
journal = {Journal of the American Statistical Association},
volume = {90},
pages = {773--795}
}

@article{Kersten2004,
author = {Kersten, D and Mamassian, Pascal and Yuille, a},
journal = {Annual Reviews},
pages = {271--304},
title = {{Object perception as Bayesian inference}},
volume = {55},
year = {2004}
}

@article{Kellen2016,
  title={{How (in) variant are subjective representations of described and experienced risk and rewards?}},
  author={Kellen, David and Pachur, Thorsten and Hertwig, Ralph},
  journal={Cognition},
  volume={157},
  pages={126--138},
  year={2016}
  }
@article{Kutzner2016,
  title={Choosing the Devil You Don’t Know: Evidence for Limited Sensitivity to Sample Size--Based Uncertainty When It Offers an Advantage},
  author={Kutzner, Florian L and Read, Daniel and Stewart, Neil and Brown, Gordon},
  journal={Management Science},
  volume={63},
  pages={1519--1528},
  year={2016}
  }
@article{Kvam2016,
  title={{Strength and weight: The determinants of choice and confidence}},
  author={Kvam, Peter D and Pleskac, Timothy J},
  journal={Cognition},
  volume={152},
  pages={170--180},
  year={2016}
}
@book{Lewandowsky2011,
author = {Lewandowsky, Stepha and Farrell, Simon},
year = {2011},
title = {{Computational modeling in cognition: Principles and practice.}},
publisher = {Sage},
address = {Thousand Oaks, CA}
}

@article{Lichtenstein1971,
author = {Lichtenstein, S and Slovic, P},
year = {1971},
title = {{Reversals of preference between bids and choices in gambling decisions}},
journal = {Journal of Experimental Psychology},
volume = {89},
pages = {46--55}
}
@article{Ludvig2017,
  title={{Edge proximity, not distinctiveness, produces overweighting of extreme outcomes in risky decisions from experience}},
  author={Ludvig, Elliot A and Madan, Christopher R and McMillan, Neil and Xu, Yaqian and Spetch, Marcia L},
  journal={https://doi.org/10.31234/osf.io/my4hd},
  year={2017}
}
@article{Maheu2007,
  author={Maheu, John M and McCurdy, Thomas H},
  year={2007},
  title={{Components of market risk and return}},
  journal={Journal of Financial Econometrics},
  volume={5},
  number={4},
  pages={560--590}
}

@ARTICLE{Markowitz1952,
title = {{Portfolio Selection}},
author = {Markowitz, Harry},
year = {1952},
journal = {Journal of Finance},
volume = {7},
pages = {77-91}
}
@article{DeMartino2017,
author = {{De Martino}, Benedetto and Bobadilla-Suarez, Sebastian and Nouguchi, Takao and Sharot, Tali and Love, Bradley C},
journal = {Journal of Neuroscience},
pages = {6066--6074},
title = {Social Information is Integrated into Value and Confidence Judgments According to its Reliability},
volume = {37},
year = {2017}
}

@article{Mohr2010a,
author = {Mohr, Peter N C and Biele, Guido and Krugel, Lea K. and Li, Shu Chen and Heekeren, Hauke R.},
year = {2010},
title = {{Neural foundations of risk-return trade-off in investment decisions}},
journal = {NeuroImage},
volume = {49},
pages = {2556--2563}
}

@article{Obrecht2007,
author = {Obrecht, Natalie A and Chapman, Gretchen B and Gelman, Rochel},
journal = {Psychonomic Bulletin {\&} Review},
pages = {1147--52},
title = {{Intuitive t tests: Lay use of statistical information.}},
volume = {14},
year = {2007}
}

@article{Obrecht2010,
author = {Obrecht, Natalie A  and Chapman, Gretchen B. and Su{\'{a}}rez, Marta T.},
journal = {Thinking {\&} Reasoning},
pages = {26--44},
title = {{Laypeople do use sample variance: The effect of embedding data in a variance-implying story}},
volume = {16},
year = {2010}
}


@Manual{R2014,
title = {R: A Language and Environment for Statistical Computing},
author = {{R Development Core Team}},

address = {Vienna, Austria: R Foundation for Statistical 	Computing},
year = {2014},
url = {http://www.R-project.org/}
}


@article{Rakow2008,
author = {Rakow, Tim and Demes, Kali A. and Newell, Ben R.},
year = {2008},
title = {{Biased samples not mode of presentation: Re-examining the apparent underweighting of rare events in experience-based choice}},
journal = {Organizational Behavior and Human Decision Processes},
volume = {106},
pages = {168--179},
}
@article{Rakow2010,
author = {Rakow, Tim and Newell, Ben R.},
year = {2010},
title = {{Degrees of uncertainty: an overview and framework for future research on experience-based choice}},
journal = {Journal of Behavioral Decision Making},
volume = {23},
pages = {1--14}
}

@article{Pachur2012,
author = {Pachur, Thorsten and Scheibehenne, Benjamin},
year = {2012},
title = {{Constructing preference from experience: The endowment effect reflected in external information search.}},
journal = {Journal of Experimental Psychology. Learning, Memory, and Cognition},
volume = {38},
pages = {1108--1116}
}

@article{Pleskac2014,
author = {Pleskac, Timothy J and Hertwig, Ralph},
year = {2014},
title = {{Ecologically rational choice and the structure of the environment}},
journal = {Journal of Experimental Psychology: General},
number = {5},
pages = {2000--2019},
volume = {143}
}

@article{Pohl2006,
  title={Empirical tests of the recognition heuristic},
  author={Pohl, R{\"u}diger F},
  journal={Journal of Behavioral Decision Making},
  volume={19},
  number={3},
  pages={251--271},
  year={2006},
  publisher={Wiley Online Library}
}
@article{Powell2017,
  title={{The love of large numbers: A popularity bias in consumer choice}},
  author={Powell, Derek and Yu, Jingqi and DeWolf, Melissa and Holyoak, Keith J},
  journal={Psychological Science},
    volume={10},
  pages={1432-1442},
    year={2017}
 % doi = {http://dx.doi.org/10.1177/0956797617711291},

}
@article{Seidl2002,
author = {Seidl, Christian and Kiel, Christian-albrechts-universita},
journal = {Journal of Economic Surveys},
number =  {5},
pages = {621--655},
title = {{Preference reversal}},
volume = {16},
year = {2002}
}

@incollection{Simon1966,
  title={{Theories of decision-making in economics and behavioural science}},
  author={Simon, Herbert A},
  booktitle={Surveys of economic theory},
  pages={1--28},
  year={1966},
  address={Palgrave Macmillan, UK},
  publisher={Springer}
}

@book{Sullivan2012,
  title={{Managing Income in Retirement: Planning With Purpose}},
  author={Sullivan, K.R.},
  isbn={9781468545890},
  url={https://books.google.ch/books?id=Bngd-cALP3kC},
  year={2012},
  publisher={AuthorHouse}
}

%@article{Tversky1979,author = {Kahneman, Daniel and Tversky, Amos},year = {1979},title = {{Prospect Theory: An Analysis of Decision under Risk}},journal = {Econometrica},number =  {2},pages = {263--292},volume = {47}}

@article{Sunden1998,
author = {Sunden, Annika E. and Surette, Brian J.},
journal = {American Economic Review},
year = {1998},
number =  {2},
pages = {207--211},
volume = {88},
title = {{Gender differences in the allocation of assets in retirement savings plans}}
}
@article{Tenenbaum2006,
  title={{Theory-based Bayesian models of inductive learning and reasoning}},
  author={Tenenbaum, Joshua B and Griffiths, Thomas L and Kemp, Charles},
  journal={Trends in cognitive sciences},
  volume={10},
  number={7},
  pages={309--318},
  year={2006},
  publisher={Elsevier}
}
@article{Thaler1980,
  title={{Toward a positive theory of consumer choice}},
  author={Thaler, Richard},
  journal={Journal of Economic Behavior \& Organization},
  volume={1},
  pages={39--60},
  year={1980},
  publisher={Elsevier}
}

@book{Todd2012,
  title={{Ecological rationality: Intelligence in the world}},
  author={Todd, Peter M and Gigerenzer, Gerd},
  year={2012},
  publisher={OUP USA}
}

@article{Ungemach2009,
author = {Ungemach, Christoph and Chater, Nick and Stewart, Neil},
year = {2009},
title = {{Are probabilities overweighted or underweighted when rare outcomes are experienced (rarely)?}},
journal = {Psychological Science},
volume = {20},
pages = {473--479}
}
@book{vonNeumann1947,
author = {von Neumann, John and Morgenstern, Oskar},
year = {1947},
title = {{Theory of Games and Economic Behavior}},
publisher = {Princton University Press},
address = {Princton, NJ},
edition  = {2}
}

@article{Weber2005,
author = {Weber, Elke U. and Siebenmorgen, Niklas and Weber, Martin},
year = {2005},
title = {{Communicating asset risk: How name recognition and the format of historic volatility information affect risk perception and investment decisions}},
journal = {Risk Analysis},
number = {3},
pages = {597--609},
volume = {25},
doi = {10.1111/j.1539-6924.2005.00627.x}
}

@incollection{Weber2008,
address = {New York},
author = {Weber, Elke U and Johnson, Eric J},
booktitle = {Neuroeconomics: Decision Making and the Brain},
editor = {Glimcher, P and Camerer, C and Fehr, E and Poldrack, R},
pages = {127--144},
publisher = {Elsevier},
title = {{Decisions under uncertainty: Psychological, economic, and neuroeconomic explanations of risk preference}},
year = {2008}
}

@article{Weber2009,
author = {Weber, E U and Johnson, E J},
journal = {Annual Review of Psychology},
pages = {53--85},
title = {{Mindful judgment and Decision Making}},
volume = {60},
year = {2009}
}

@inbook{Wetzels2015,
author={Wetzels, Ruud and van Ravenzwaaij, Don and Wagenmakers, Eric-Jan},
year = {2015},
editor = {Cautin, R and Lilienfeld, S},
title = {{Bayesian Analysis}},
booktitle = { The Encyclopedia of Clinical Psychology},
publisher = {Wiley-Blackwell}
}

@article{Wulff2017,
year = {2018},
author = {Wulff, D. U. and Mergenthaler-Canseco, Max and Hertwig, Ralph},
journal={Psychological Bulletin},
title = {{A meta-analytic review of two modes of learning and the description-experience gap}},
 volume={144},
pages={140--176},
doi = {http://dx.doi.org/10.1037/bul0000115}
}



@article{Xu2007word,
  title={{Word learning as Bayesian inference.}},
  author={Xu, Fei and Tenenbaum, Joshua B},
  journal={Psychological review},
  volume={114},
  pages={245--272},
  year={2007},
  publisher={American Psychological Association}
}
